<?xml version="1.0" encoding="UTF-8"?><record xmlns="http://www.loc.gov/MARC21/slim" xmlns:cinclude="http://apache.org/cocoon/include/1.0" xmlns:zs="http://www.loc.gov/zing/srw/">
  <leader>00539nz  a2200133n  4500</leader>
  <controlfield tag="001">n  97923871 </controlfield>
  <controlfield tag="003">DLC</controlfield>
  <controlfield tag="005">19980116054037.1</controlfield>
  <controlfield tag="008">970910n| acannaab|          |a aaa      </controlfield>
  <datafield tag="010" ind1=" " ind2=" ">
    <subfield code="a">n  97923871 </subfield>
  </datafield>
  <datafield tag="040" ind1=" " ind2=" ">
    <subfield code="a">DLC</subfield>
    <subfield code="c">DLC</subfield>
  </datafield>
  <datafield tag="100" ind1="1" ind2="0">
    <subfield code="a">Zaidī, Esa. E. Eca.</subfield>
  </datafield>
  <datafield tag="400" ind1="1" ind2="0">
    <subfield code="a">Zaidi, S. A. H.</subfield>
  </datafield>
  <datafield tag="670" ind1=" " ind2=" ">
    <subfield code="a">Mug̲hala śāsakoṃ ke adhīna parvatīya ... 1997:</subfield>
    <subfield code="b">t.p. (Ḍô. Esa. E. Eca. Zaidī) t.p. verso (Dr. S.A.H. Zaidi) jkt. (M.A. (hist.), doctorate; reader, medieval history, Pauri Parisar, H.N.B. Garhwal U., Srinagar, Garhwal, Uttar Pradesh)</subfield>
  </datafield>
</record>